<?xml version="1.0" encoding="UTF-8"?><collection xmlns="http://www.loc.gov/MARC21/slim"><record><leader>00427nam--2200145-i-4500</leader><controlfield tag="001">000009844</controlfield><controlfield tag="002">20161230</controlfield><controlfield tag="005">20161230201028</controlfield><controlfield tag="008">060222s1000------------r-----000-0-eng-d</controlfield><datafield ind1=" " ind2=" " tag="080"><subfield code="a">621.039.54</subfield></datafield><datafield ind1=" " ind2=" " tag="100"><subfield code="a">Adami, M. /S.A.</subfield></datafield><datafield ind1=" " ind2=" " tag="245"><subfield code="a">Experiments on fission products and uranium release up to 1100 c from uo2 in sodium medium</subfield></datafield><datafield ind1=" " ind2=" " tag="260"><subfield code="a">Roma, Comitato Nazionale Energia Nucleare, 1971 26 P</subfield></datafield><datafield ind1=" " ind2=" " tag="490"><subfield code="a">71/2</subfield></datafield><datafield ind1=" " ind2=" " tag="852"><subfield code="a">17341</subfield></datafield></record></collection>